2731 4096
223 178 276 272 .
348 146 824 269 16 Aug 1800
315 382 1902 527 6. The widenee o to engagement, conszgnid to a postałło
316 503 1872 609 mobument nostead of a pized Book. Taken piom Ezche.
317 603 1896 743 quer Bills- Differs fiom Stock Annintus Agrees with
307 706 1866 841 Trsk Debentwies and s nów dionsio Nawy Pict
296 828 1860 980 alling Franoport and ordnanie Billo or Debentus:
310 957 1928 1056 abo wiłk India Bonds Bank Nolis Bankeis Pomissowy
298 1054 1955 1150 Notis and piwate Promissocy Nolis and Bills of Exchang.
282 1196 1902 1300 J. Tho Papir, by sto siże, skapi, teatnie, anid thinejs par
307 1266 1925 1418 henlarty fitud for cmulatioń Jakin from Bank Paper
292 1390 1810 1520 Agries more or lefs witk Bankers Paper and with
283 1509 1888 1631 the Frenck Afsignats. Differs fiom ale te other abowe
971 1583 1016 1638 R
287 1619 1885 1760 misckwned Engagements Eacept szom some Całe ifones
272 1721 1411 1866 of Cacheguur Bills in rispiet of sięo.
288 1828 1875 1959 Applicałiów of kie profił of the miaswie towardo Ke
290 1970 1888 2090 idnetzon of wie Nationab Debl. Jakin fiom to Sale
273 2063 1930 2221 o the Land Iaa iie: to cachangi of do many postłów
277 2197 1844 2312 os me annnał produce of that Tax for posiom of
282 2301 1941 2431 Stock amntus. Differs fiom ale she other ingacement
283 2426 848 2525 abore mestronid
2456 137 2554 221 36
1914 162 2439 300 Zumil Dr
2173 266 2323 340 Zaca
2056 290 2150 378 P.
2268 312 2382 387 Za
1992 369 2359 483 Pan der
2387 403 2469 528 3s
2248 454 2347 512 41m
1927 525 2551 656 Compansów contlnn
