1500 2212
982 366 1240 530 6
61 714 116 804 1
670 797 1364 964 Alli Frulli
661 993 1444 1124 EGekookle ef geconsijle vrucht en doet men
656 1125 1456 1220 een scholel, hodal zeeersl goed kous zijn gewwr¬
585 1175 1400 1314 Een daarna belagt men zo mel billerkoeljes el
66 1269 428 1386 biseris de Bargge
650 1312 1462 1395 Boel dan in een pan 1½ lopel sijne wille suiker,
65 1402 562 1516 een lepel bloem een halt pijpje
590 1397 1424 1502 vannille ende Doyers van drie cieren; roer
53 1489 1448 1605 dit alles goed booreen; menghe Thel aan mel drie hierglazen koude melk of room
49 1602 1395 1672 zel hel op het vuur, voer hel goet volsal hel korkl en giet hel warm op de
55 1704 1383 1812 billerkoekjes waarmete de vruchten belegd zijn. Een lepel Rhun er door
59 1796 991 1920 verhoogt den smank. Hel wordt kand gegeten.
918 1994 1454 2110 Arnaldine Swaving
1146 2078 1353 2165 Pr. H.
1356 26 1428 98 2
